<collection xmlns="http://www.loc.gov/MARC21/slim">
<record>
  <leader>00399na 0a22001211i 450 </leader>
  <controlfield tag="001">IT\ICCU\CNCE\044971</controlfield>
  <controlfield tag="005">19990125000000.0</controlfield>
  <datafield tag="100" ind1=" " ind2=" ">
    <subfield code="a">19990119             0itac0103    ba</subfield>
  </datafield>
  <datafield tag="101" ind1=" " ind2=" ">
    <subfield code="a">ITA</subfield>
  </datafield>
  <datafield tag="200" ind1="1" ind2=" ">
    <subfield code="a">℗Il ℗secondo libro de le piaceuoli, et ingeniose lettere</subfield>
  </datafield>
  <datafield tag="700" ind1=" " ind2="1">
    <subfield code="a">Calmo,</subfield>
    <subfield code="b">Andrea</subfield>
    <subfield code="3">IT\ICCU\CNCA\002398</subfield>
  </datafield>
  <datafield tag="790" ind1=" " ind2="0">
    <subfield code="a">Scarpella</subfield>
    <subfield code="c"> : Bergamasco</subfield>
    <subfield code="3">IT\ICCU\CNCA\002399</subfield>
    <subfield code="z">Calmo, Andrea</subfield>
  </datafield>
  <datafield tag="801" ind1=" " ind2="3">
    <subfield code="a">IT</subfield>
    <subfield code="b">ICCU</subfield>
    <subfield code="c">20201114</subfield>
  </datafield>
</record>
</collection>
